<?xml version="1.0" encoding="UTF-8"?><collection xmlns="http://www.loc.gov/MARC21/slim"><record><leader>00446nam--2200133-i-4500</leader><controlfield tag="001">000028646</controlfield><controlfield tag="002">20161230</controlfield><controlfield tag="005">20161230201037</controlfield><controlfield tag="008">060222s1000------------r-----000-0-eng-d</controlfield><datafield ind1=" " ind2=" " tag="080"><subfield code="a">621.38</subfield></datafield><datafield ind1=" " ind2=" " tag="245"><subfield code="a">Engineering management. engineering writing and speech. human factors in electronics</subfield></datafield><datafield ind1=" " ind2=" " tag="260"><subfield code="a">New York, The Institute Of Electrical And Electronics Engineers, Inc., 1960</subfield></datafield><datafield ind1=" " ind2=" " tag="490"><subfield code="a">1960 Ieee Interenational Convention Record</subfield></datafield><datafield ind1=" " ind2=" " tag="852"><subfield code="a">16320</subfield></datafield></record></collection>